@INPROCEEDINGS{1,
author={P. A. M. Ehlert and L. J. M. Rothkrantz},
booktitle={Intelligent Transportation Systems, 2001. Proceedings. 2001 IEEE},
title={Microscopic traffic simulation with reactive driving agents},
year={2001},
pages={860-865},
keywords={digital simulation;multi-agent systems;road traffic;traffic engineering computing;agent-based vehicle control;artificial intelligence;driving behavior;microscopic traffic simulation;multiple agent systems;reaction times;road traffic;traffic simulation;Communication system traffic control;Computational modeling;Computer simulation;Intelligent agent;Microscopy;Predictive models;Road vehicles;Testing;Traffic control;Vehicle driving},
doi={10.1109/ITSC.2001.948773},
month={},}

@mastersthesis{2,
	author = "Andrew Lansdowne",
	title = "Traffic Simulation using Agent-Based Modelling",
	school = "University of the West of England",
	month = " ",
	year = "2006"
}

@article{Femke,
	Author = {Femke van Wageningen-Kessels and Hans van Lint and Kees Vuik and Serge Hoogendoorn},
	Date-Added = {2016-03-28 05:31:20 +0000},
	Date-Modified = {2016-03-28 05:34:40 +0000},
	Journal = {Euro J Transp Logist},
	Month = {February},
	Number = {},
	Title = {Genealogy of traffic flow models},
	Year = {2014}}

@article{Ali,
	Author = {Bazghandi Ali},
	Date-Added = {2016-03-28 03:29:40 +0000},
	Date-Modified = {2016-03-28 03:35:36 +0000},
	Journal = {International Journal of Computer Science },
	Month = {January},
	Number = {1},
	Pages = {115-119},
	Title = {Techniques, Advantages and Problems of Agent Based Modeling for Traffic Simulation},
	Volume = {9},
	Year = {2012}}

@inproceedings{Schulze,
	Author = {T. Schulze and T. Fliess},
	Booktitle = {Simulation Conference, 1997., Proceedings of the 1997 Winter},
	Date-Added = {2016-03-28 03:28:32 +0000},
	Date-Modified = {2016-03-28 03:28:51 +0000},
	Doi = {10.1109/WSC.1997.641015},
	Keywords = {Acceleration;Analytical models;Communication system traffic control;Computational modeling;Computer simulation;Microscopy;Psychology;Telecommunication traffic;Traffic control;Vehicles},
	Month = {Dec},
	Pages = {1222-1229},
	Title = {Urban Traffic Simulation With Psycho-physical Vehicle-following Models},
	Year = {1997},
	Bdsk-Url-1 = {http://dx.doi.org/10.1109/WSC.1997.641015}}
	
@Misc{macrosim,
title = {Macroscopic Traffic Flow Model},
howpublished = {\url{https://en.wikipedia.org/wiki/Macroscopic_traffic_flow_model}},
month = {February},
year = {2015},
note = {Accessed: 28 March 2016},
}

@proceedings{Sewall,
	Author = {J. Sewall and D. Wilkie and P. Merrell and M. C. Lin},
	Date-Added = {2016-03-29 02:54:56 +0000},
	Date-Modified = {2016-03-29 02:59:18 +0000},
	Journal = {EUROGRAPHICS 2010 },
	Number = {2},
	Organization = {University of North Carolina at Chapel Hill},
	Title = {Continuum Traffic Simulation},
	Volume = {29},
	Year = {2010}}

@article{Serge,
	Author = {Serge P. Hoogendoorn and Piet H.L. Bovy},
	Date-Added = {2016-03-29 03:11:45 +0000},
	Date-Modified = {2016-03-29 03:14:31 +0000},
	Journal = {Journal of Systems and Control Engineering},
	Title = {State-of-the-art of Vehicular Traffic Flow Modelling}}
	
@Misc{reactfx,
title = {"ReactFX"},
author = {TomasMikula},
howpublished = {\url{https://github.com/TomasMikula/ReactFX}},
month = {January},
year = {2016},
note = {Accessed: 28 March 2016}
}

@Misc{rxjava,
title = {"RxJava"},
author = {ReactiveX},
howpublished = {\url{https://github.com/ReactiveX/RxJava}},
month = {March},
year = {2016},
note = {Accessed: 28 March 2016}
}
@Misc{rxjavafx,
title = {"RxJavaFX"},
author = {ReactiveX},
howpublished = {\url{https://github.com/ReactiveX/RxJavaFX}},
month = {March},
year = {2016},
note = {Accessed: 28 March 2016}
}
@Misc{reactivex,
title = {Observable},
author = {ReactiveX},
howpublished = {\url{http://reactivex.io/documentation/observable.html}},
note = {Accessed: 28 March 2016}
}
@Misc{gimp,
author = {The GIMP Team},
title = {About GIMP},
howpublished = {\url{https://www.gimp.org/about/}},
year = {2015},
note = {Accessed: 30 March 2016}
}
@Misc{platform,
author = {Oracle},
title = {Platform},
howpublished = {\url{https://docs.oracle.com/javase/8/javafx/api/javafx/application/Platform.html}},
year = {2015},
note = {Accessed: 29 March 2016}
}



